%% This BibTeX bibliography file was created using BibDesk.
%% http://bibdesk.sourceforge.net/


%% Created for Meilei Jiang at 2016-02-02 22:39:05 -0500 


%% Saved with string encoding Unicode (UTF-8) 



@article{leek2007capturing,
	Author = {Leek, Jeffrey T and Storey, John D},
	Date-Added = {2016-02-01 19:50:14 +0000},
	Date-Modified = {2016-02-01 19:50:14 +0000},
	Journal = {PLoS Genet},
	Number = {9},
	Pages = {e161},
	Publisher = {Public Library of Science},
	Title = {Capturing heterogeneity in gene expression studies by surrogate variable analysis},
	Volume = {3},
	Year = {2007}}

@article{leek2012sva,
	Author = {Leek, Jeffrey T and Johnson, W Evan and Parker, Hilary S and Jaffe, Andrew E and Storey, John D},
	Date-Added = {2016-02-01 19:48:59 +0000},
	Date-Modified = {2016-02-01 19:48:59 +0000},
	Journal = {Bioinformatics},
	Number = {6},
	Pages = {882--883},
	Publisher = {Oxford Univ Press},
	Title = {The sva package for removing batch effects and other unwanted variation in high-throughput experiments},
	Volume = {28},
	Year = {2012}}

@article{leek2008general,
	Author = {Leek, Jeffrey T and Storey, John D},
	Date-Added = {2016-02-01 19:46:33 +0000},
	Date-Modified = {2016-02-01 19:46:33 +0000},
	Journal = {Proceedings of the National Academy of Sciences},
	Number = {48},
	Pages = {18718--18723},
	Publisher = {National Acad Sciences},
	Title = {A general framework for multiple testing dependence},
	Volume = {105},
	Year = {2008}}
